2698 4336
129 567 352 688 henderint,
379 543 514 652 errata
543 533 867 712 coirlperirentur
884 563 1044 708 paucio·

117 709 196 792 'r.·a
226 701 297 788 Ad
303 703 395 790 haec
411 693 507 784 sciat
523 695 680 824 pAreius
693 688 807 781 hae'c
796 687 1045 784 antenotata

131 835 213 944 iri,
210 831 336 918 Aifi
311 862 354 916 ιιι
380 829 537 918 eodem
544 817 724 913 homiAe
731 824 858 938 plura
867 813 1047 943 agrro'rris·

126 957 214 1048 sem
232 957 450 1066 laudanda,
470 949 624 1052 Alianc
646 953 851 1070 censuram
875 958 1048 1085 nostram

128 1091 281 1180 rantum
308 1088 525 1180 abfuille'
503 1123 526 1176 ιι
532 1088 843 1209 malrgnrtate,
858 1077 1049 1206 quantum

127 1223 179 1308 ab
188 1219 423 1312 adulatione
432 1217 570 1307 absunt
581 1241 772 1302 encomra
788 1220 930 1317 Virum
943 1221 1049 1343 hunc

7 1351 33 1436 3?
125 1343 495 1457 desideratissimum,
514 1341 571 1432 de
582 1317 791 1434 Academia
811 1337 914 1436 b'ene
930 1354 1047 1436 meri·
1069 1459 1070 1464 Ν

129 1505 230 1586 tum,
256 1513 347 1570 cum
374 1503 629 1598 praepropere
652 1477 693 1560 in
718 1484 888 1586 patriam
909 1512 1049 1575 avoca·
1068 1595 1069 1598 q

130 1633 190 1696 tus
215 1614 363 1700 nullam
383 1615 502 1698 aliam
527 1611 709 1722 laborum
735 1611 959 1706 mercedem
986 1642 1048 1698 re·

95 1805 109 1828 .
127 1745 364 1854 portaverit,
391 1746 508 1828 liceat
526 1715 664 1823 saltem
689 1745 895 1874 praeconio
912 1749 1048 1832 nostro

126 1873 390 1964 honestissimo
408 1869 697 1958 commendare
848 1955 852 1960 ,
938 1947 941 1954 .

24 2109 28 2126 7
181 2005 307 2118 Qud
333 2005 520 2116 superest,
553 2002 740 2112 quoniam
766 1999 874 2088 haud
903 1964 1055 2092 frustra

126 2157 270 2214 vereor
288 2161 338 2216 ne
350 2131 492 2215 libello
509 2127 600 2213 huic
614 2128 773 2215 laudato
793 2161 1082 2242 parunrcom

130 2239 392 2343 mendationis
411 2250 594 2339 attulerit
611 2257 695 2362 haec
694 2231 888 2364 Apistolssa
903 2269 1051 2370 nostra,

129 2385 258 2470 sentio
271 2381 487 2496 aliquando
504 2381 662 2468 tandem
677 2357 778 2470 mihi
795 2389 937 2494 stylum
947 2398 1051 2482 verti

129 2536 343 2627 oportere,
373 2509 420 2602 A
438 2509 489 2597 ad
515 2499 716 2618 opusculi,
745 2516 853 2623 quod
885 2543 1051 2628 parente

7 2701 15 2716 »
130 2645 204 2728 suo
230 2644 416 2728 orbatum
441 2630 491 2724 ad
518 2639 657 2724 almam
681 2651 852 2730 Matrem
879 2653 1077 2738 nostram

132 2773 256 2856 rediit
283 2794 401 2882 atque
430 2773 508 2882 jam
537 2769 672 2853 venale
709 2775 873 2884 prostat,
885 2803 893 2876 j
906 2779 1053 2887 ptaedi.
1082 2759 1085 2763 ’

133 2899 337 2986 cationem
355 2895 566 3009 speciosam
586 2899 695 2980 vocis
714 2905 856 2992 nostrae
882 2905 1054 2993 officium

135 3033 339 3141 componi.
394 3032 535 3116 Liceat
564 3029 697 3138 itaque
723 3033 838 3136 mihi,
870 3017 1084 3148 tanquam¹

136 3160 313 3266 praeconi
332 3151 509 3269 publico,
538 3181 609 3238 vos
627 3186 762 3242 omnes
779 3182 978 3273 quotquot
996 3161 1062 3251 rei

135 3289 325 3374 literariae
360 3289 523 3393 favetis,
558 3297 593 3371 A
623 3291 821 3402 praecipue
856 3283 1057 3408 quotquot

136 3419 225 3502 estis
251 3418 516 3530 philosophice
545 3418 783 3532 antiquioris
810 3409 979 3528 studiosr,
1006 3425 1057 3510 ad

136 3573 288 3632 merces
301 3551 449 3631 nostras
464 3547 697 3633 coemendas
710 3577 945 3636 convocare.
965 3561 1058 3642 Hoc

63 3719 67 3726 ·
138 3672 341 3780 sapienti'ae
355 3673 565 3764 Platonicae
580 3701 878 3763 monumentum
896 3679 1060 3790 insigne,

932 3833 1059 3908 exem
